

@misc{ kerassigmoid24,
       author = "keras",
       title = "Layer activation functions",
       year = "2024",
       url = "https://keras.io/api/layers/activations/",
       note = "[Internet; descargado 28-mayo-2024]"
}

@misc{ kerasdropout24,
       author = "keras",
       title = "Dropout layer",
       year = "2024",
       url = "https://keras.io/api/layers/regularization_layers/dropout/",
       note = "[Internet; descargado 28-mayo-2024]"
}

@misc{ keraslosses24,
       author = "keras",
       title = "Losses",
       year = "2024",
       url = "https://keras.io/api/losses/",
       note = "[Internet; descargado 28-mayo-2024]"
}


@misc{ kerasbinary24,
       author = "keras",
       title = "Probabilistic losses",
       year = "2024",
       url = "https://keras.io/api/losses/probabilistic_losses/#binarycrossentropy-class",
       note = "[Internet; descargado 28-mayo-2024]"
}

@misc{ kerasOptimizers24,
       author = "keras",
       title = "Optimizers",
       year = "2024",
       url = "https://keras.io/api/optimizers/",
       note = "[Internet; descargado 28-mayo-2024]"
}

@misc{ kerasAdán24,
       author = "keras",
       title = "Adán",
       year = "2024",
       url = "https://keras.io/api/optimizers/adam/",
       note = "[Internet; descargado 28-mayo-2024]"
}

@misc{ kerasearly24,
       author = "keras",
       title = "EarlyStopping",
       year = "2024",
       url = "https://keras.io/api/callbacks/early_stopping/",
       note = "[Internet; descargado 28-mayo-2024]"
}


@misc{ stackbatch24,
       author = "StackExchange",
       title = "What is batch size in neural network?",
       year = "2024",
       url = "https://stats.stackexchange.com/questions/153531/what-is-batch-size-in-neural-network",
       note = "[Internet; descargado 28-mayo-2024]"
}

@book{diego23,
		author    = "Renza Torres, Diego and Ballesteros, Dora María",
		title     = "Fundamentos de visión por computador utilizando aprendizaje profundo",
		publisher = "redipe",
		year      = "2023"
}


@misc{ PaMuReEs24,
       author = "Pacto Mundial Red Española",
       title = "17 Objetivos de Desarrollo Sostenible (ODS) para transformar el mundo",
       year = "2024",
       url = "https://www.pactomundial.org/que-puedes-hacer-tu/ods/?gad_source=1&gclid=EAIaIQobChMIwvCok6-yhgMVnIVoCR38igI8EAAYASAAEgJmEvD_BwE",
       note = "[Internet; descargado 29-mayo-2024]"
}


@misc{ openbank24,
       author = "Openbank",
       title = "¿Qué son los Objetivos de Desarrollo Sostenible (ODS)?",
       year = "2024",
       url = "https://www.openbank.es/open-news/objetivos-desarrollo-sostenible-ods/",
       note = "[Internet; descargado 29-mayo-2024]"
}

@misc{ ObDeSoSalud24,
       author = "Objetivos de Desarrollo Sostenible",
       title = "Objetivo 3: Garantizar una vida sana y promover el bienestar para todos en todas las edades",
       year = "2024",
       url = "https://www.un.org/sustainabledevelopment/es/health/",
       note = "[Internet; descargado 29-mayo-2024]"
}

@misc{ ObDeSoInfraestructura24,
       author = "Objetivos de Desarrollo Sostenible",
       title = "Objetivo 9: Construir infraestructuras resilientes, promover la industrialización sostenible y fomentar la innovación",
       year = "2024",
       url = "https://www.un.org/sustainabledevelopment/es/infrastructure/",
       note = "[Internet; descargado 29-mayo-2024]"
}

@misc{ grupo200024,
       author = "grupo2000",
       title = "Este es el SMI en 2024. Sube el Salario Mínimo Interprofesional a 1.134 euros",
       year = "2024",
       url = "https://www.grupo2000.es/asi-sera-tu-nomina-en-2020-tras-congelarse-el-salario-minimo/#:~:text=En%20un%20principio%2C%20parec%C3%ADa%20que,al%20mes%20para%20este%202024.",
       note = "[Internet; descargado 30-mayo-2024]"
}

@misc{ MinHa24,
       author = "Minismterio de hacienda",
       title = "El Gobierno aprueba una rebaja
de las retenciones en el IRPF para
rentas bajas y medianas ",
       year = "2024",
       url = "https://www.hacienda.gob.es/Documentacion/Publico/GabineteMinistro/Notas%20Prensa/2024/CONSEJO-MINISTROS/06-02-24-NP-Rebaja-Retenciones-IRPF.pdf",
       note = "[Internet; descargado 30-mayo-2024]"
}

@misc{ GoEs24,
       author = "Gobierno de España",
       title = "Bases y tipos de cotización 2024",
       year = "2024",
       url = "https://www.seg-social.es/wps/portal/wss/internet/Trabajadores/CotizacionRecaudacionTrabajadores/36537",
       note = "[Internet; descargado 30-mayo-2024]"
}


@misc{ CliUniNaCorazon24,
       author = "Clinica Universidad de Navarra",
       title = "Corazón ",
       year = "2024",
       url = "https://www.cun.es/diccionario-medico/terminos/corazon#:~:text=m.,sist%C3%A9mico%20y%20menor%20o%20pulmonar.",
       note = "[Internet; descargado 30-mayo-2024]"
}


@misc{ CliUniNaSaVenosa24,
       author = "Clinica Universidad de Navarra",
       title = "Sangre venosa ",
       year = "2024",
       url = "https://www.cun.es/diccionario-medico/terminos/sangre-venosa#:~:text=La%20sangre%20venosa%20contiene%20di%C3%B3xido,ser%20eliminado%20durante%20la%20exhalaci%C3%B3n.",
       note = "[Internet; descargado 30-mayo-2024]"
}


@misc{ CliUniNaPulmon24,
       author = "Clinica Universidad de Navarra",
       title = "Pulmón",
       year = "2024",
       url = "https://www.cun.es/diccionario-medico/terminos/pulmon#:~:text=m.,cubiertos%20por%20la%20pleura%20visceral.",
       note = "[Internet; descargado 30-mayo-2024]"
}

@misc{ CliUniNaCostilla24,
       author = "Clinica Universidad de Navarra",
       title = "Costilla",
       year = "2024",
       url = "https://www.cun.es/diccionario-medico/terminos/costilla#:~:text=f.,estern%C3%B3n%2C%20constituyen%20el%20esqueleto%20tor%C3%A1cico.",
       note = "[Internet; descargado 30-mayo-2024]"
}


@misc{ kenhub24,
       author = "Kenhub",
       title = "Costillas",
       year = "2024",
       url = "https://www.kenhub.com/es/library/anatomia-es/costillas",
       note = "[Internet; descargado 30-mayo-2024]"
}


@misc{ Doctoralia24,
       author = "Doctoralia",
       title = "Que son infiltrados pulmonares?",
       year = "2024",
       url = "https://www.doctoralia.com.mx/preguntas-respuestas/que-son-infiltrados-pulmonares",
       note = "[Internet; descargado 30-mayo-2024]"
}

@misc{ Creativecommons24,
       author = "creative commons",
       title = "ESCRITURA CC BY 4.0",
       year = "2024",
       url = "https://creativecommons.org/licenses/by/4.0/",
       note = "[Internet; descargado 30-mayo-2024]"
}


@misc{ NoticiasEuropeo24,
       author = "Noticias Parlamento Europeo",
       title = "La Eurocámara aprueba una ley histórica para regular la inteligencia artificial",
       year = "2024",
       url = "https://www.europarl.europa.eu/news/es/press-room/20240308IPR19015/la-eurocamara-aprueba-una-ley-historica-para-regular-la-inteligencia-artificial",
       note = "[Internet; descargado 30-mayo-2024]"
}

@misc{ GobiernoEspaña24,
       author = "Gobierno de España",
       title = "El Gobierno aprueba la Estrategia de Inteligencia Artificial 2024",
       year = "2024",
       url = "https://planderecuperacion.gob.es/noticias/gobierno-aprueba-estrategia-inteligencia-artificial-2024-prtr",
       note = "[Internet; descargado 30-mayo-2024]"
}


@misc{ Mayoclinic24,
       author = "Mayo clinic",
       title = "Radiografías de tórax",
       year = "2024",
       url = "https://www.mayoclinic.org/es/tests-procedures/chest-x-rays/about/pac-20393494#:~:text=realizan%20el%20examen.-,Resultados,blanco%20porque%20son%20muy%20densos.",
       note = "[Internet; descargado 2-junio-2024]"
}

@book{gelaw15,
		author    = "Meseret Gelaw, Sifrash",
		title     = "Screening Chest X-Ray Interpretations and Radiographic Techniques",
		publisher = " International Organization for Migration (IOM)",
		year      = "2015"
}



@misc{ NIHColVer24,
       author = "NIH",
       title = "columna vertebral",
       year = "2024",
       url = "https://www.cancer.gov/espanol/publicaciones/diccionarios/diccionario-cancer/def/columna-vertebral",
       note = "[Internet; descargado 4-junio-2024]"
}

@misc{ MedliColVer24,
       author = "MedlinePlus",
       title = "Anatomía de la columna vertebral",
       year = "2024",
       url = "https://medlineplus.gov/spanish/ency/esp_imagepages/9561.htm#:~:text=La%20columna%20vertebral%20proporciona%20soporte,espalda%20y%20para%20las%20costillas.",
       note = "[Internet; descargado 4-junio-2024]"

}



@misc{ MedliColDiaf24,
       author = "MedlinePlus",
       title = "Diafragma",
       year = "2024",
       url = "https://medlineplus.gov/spanish/ency/esp_imagepages/19072.htm#:~:text=Res%C3%BAmenes,y%20aument%C3%A1ndolo%20durante%20la%20exhalaci%C3%B3n.",
       note = "[Internet; descargado 4-junio-2024]"

}

@misc{ premiummadridDiaf24,
       author = "premiummadrid",
       title = "El diafragma: ¿Qué es y cuáles son sus funciones y beneficios?",
       year = "2024",
       url = "https://rehabilitacionpremiummadrid.com/blog/el-musculo-diafragma-anatomia-y-funcion/",
       note = "[Internet; descargado 4-junio-2024]"

}


@misc{ NIHDiaf24,
       author = "NIH",
       title = "diafragma",
       year = "2024",
       url = "https://www.cancer.gov/espanol/publicaciones/diccionarios/diccionario-cancer/def/diafragma",
       note = "[Internet; descargado 4-junio-2024]"

}

@misc{ CliUniNaReCostodiaf24,
       author = "Clinica Universidad de Navarra",
       title = "Receso costodiafragmático",
       year = "2024",
       url = "https://www.cun.es/diccionario-medico/terminos/receso-costodiafragmatico#:~:text=%C2%BFQu%C3%A9%20es%20el%20receso%20costodiafragm%C3%A1tico,diafragma%20y%20la%20pared%20costal.",
       note = "[Internet; descargado 4-junio-2024]"
}


@misc{ NIHmediastino24,
       author = "NIH",
       title = "mediastino",
       year = "2024",
       url = "https://www.cancer.gov/espanol/publicaciones/diccionarios/diccionario-cancer/def/mediastino",
       note = "[Internet; descargado 4-junio-2024]"
}

@misc{ RealAcaEsClavicula24,
       author = "Real Academia Española",
       title = "clavícula",
       year = "2024",
       url = "https://dle.rae.es/clav%C3%ADcula",
       note = "[Internet; descargado 4-junio-2024]"
}


@misc{ CliUniNaClavicula24,
       author = "Clinica Universidad de Navarra",
       title = "clavícula",
       year = "2024",
       url = "https://www.cun.es/diccionario-medico/terminos/clavicula",
       note = "[Internet; descargado 4-junio-2024]"
}


@misc{ CliUniNabilis24,
       author = "Clinica Universidad de Navarra",
       title = "Vía biliar",
       year = "2024",
       url = "https://www.cun.es/diccionario-medico/terminos/via-biliar",
       note = "[Internet; descargado 4-junio-2024]"
}


@misc{ MaCliGanLin24,
       author = "Mayo Clinic",
       title = "Ganglios linfáticos inflamados",
       year = "2024",
       url = "https://www.mayoclinic.org/es/diseases-conditions/swollen-lymph-nodes/symptoms-causes/syc-20353902",
       note = "[Internet; descargado 4-junio-2024]"
}

@misc{ imaiosGanLin24,
       author = "imaios",
       title = "Nodos paratraqueales del cuello",
       year = "2024",
       url = "https://www.imaios.com/es/e-anatomy/estructuras-anatomicas/nodos-paratraqueales-del-cuello-1553813668#:~:text=Definici%C3%B3n&text=Los%20nodos%20paratraqueales%20del%20cuello,los%20nodos%20linf%C3%A1ticos%20cervicales%20profundos.",
       note = "[Internet; descargado 4-junio-2024]"
}


@article{canals2022espacio,
  title={El espacio claro retrocard{\'\i}aco en la radiograf{\'\i}a de t{\'o}rax; M{\'a}s all{\'a} de la hernia de hiato.},
  author={Canals, Sandra D{\'\i}az and Aliaga, Lydia Canales and Izquierdo, Jose Angel De Marcos and Jofre, Myriam Lorena Abello},
  journal={Seram},
  volume={1},
  number={1},
  year={2022}
}


@misc{ kaggle24,
       author = "kaggle",
       title = "Imágenes de radiografía de tórax (neumonía)",
       year = "2024",
       url = "https://www.kaggle.com/datasets/paultimothymooney/chest-xray-pneumonia",
       note = "[Internet; descargado 25-mayo-2024]"
}


@misc{ onlineconvert24,
       author = "online convert.com",
       title = "PY - Python Script",
       year = "2024",
       url = "https://www.online-convert.com/es/formato-de-archivo/py#:~:text=Los%20archivos%20PY%20se%20crean,que%20ofrezca%20resaltado%20de%20sintaxis.",
       note = "[Internet; descargado 9-junio-2024]"
}

@misc{ kerasconv2d24,
       author = "keras",
       title = "Conv2D layer",
       year = "2024",
       url = "https://keras.io/api/layers/convolution_layers/convolution2d/",
       note = "[Internet; descargado 10-junio-2024]"
}


@misc{ stackoverflowpadding24,
       author = "stackoverflow",
       title = "¿Cómo especificar relleno con keras en la capa Conv2D?",
       year = "2024",
       url = "https://stackoverflow.com/questions/55694721/how-to-specify-padding-with-keras-in-conv2d-layer",
       note = "[Internet; descargado 10-junio-2024]"
}

@misc{ kerasMaxPool24,
       author = "keras",
       title = "MaxPooling2D layer",
       year = "2024",
       url = "https://keras.io/api/layers/pooling_layers/max_pooling2d/",
       note = "[Internet; descargado 10-junio-2024]"
}

@misc{ linkdif24,
       author = "Linkedin",
       title = "¿Cuáles son las diferencias entre los conjuntos de entrenamiento, validación y pruebas en el aprendizaje automático?",
       year = "2024",
       url = "https://es.linkedin.com/advice/1/what-differences-between-training-validation-testing-umoje?lang=es",
       note = "[Internet; descargado 06-mayo-2024]"
}

@misc{ filext24,
       author = "filext",
       title = "Todo sobre los archivos H5",
       year = "2024",
       url = "https://filext.com/es/extension-de-archivo/H5",
       note = "[Internet; descargado 18-junio-2024]"
}

@misc{ TensorFlowSave24,
       author = "TensorFlow",
       title = "Guardando y Serializando Modelos con TensorFlow Keras",
       year = "2024",
       url = "https://www.tensorflow.org/guide/keras/save_and_serialize?hl=es-419",
       note = "[Internet; descargado 18-junio-2024]"
}






