

@book{diego23,
		author    = "Renza Torres, Diego and Ballesteros, Dora María",
		title     = "Fundamentos de visión por computador utilizando aprendizaje profundo",
		publisher = "redipe",
		year      = "2023"
}

@misc{ oms24,
       author = "OMS",
       title = "Neumonía infantil",
       year = "2024",
       url = "https://www.who.int/es/news-room/fact-sheets/detail/pneumonia",
       note = "[Internet; descargado 24-abril-2024]"
}

@misc{ med24,
       author = "MedlinePlus",
       title = "Neumonía",
       year = "2024",
       url = "https://medlineplus.gov/spanish/pneumonia.html",
       note = "[Internet; descargado 24-abril-2024]"
}


@article{Irfan20,
  title={Classifying Pneumonia among Chest X-Rays Using Transfer Learning},
  author={Irfan, A. and Adivishnu, A. L. and Sze-To, A. and Dehkharghanian, T. and Rahnamayan, S. and Tizhoosh, H. R.},
  journal={Annual International Conference of the IEEE Engineering in Medicine and Biology Society},
  volume={2020},
  number={},
  pages={2186–2189},
  year={2020},
  publisher={Pubmed}
}


@misc{ link24,
       author = "Linkedin",
       title = "¿Cómo se selecciona el tamaño de lote adecuado y el número de épocas para el entrenamiento de redes neuronales?",
       year = "2024",
       url = "https://es.linkedin.com/advice/3/how-do-you-select-appropriate-batch-size-number?lang=es",
       note = "[Internet; descargado 30-abril-2024]"
}


@misc{ stack24,
       author = "StackExchange",
       title = "¿Cuál es el tamaño de lote en una red neuronal?",
       year = "2024",
       url = "https://stats.stackexchange.com/questions/153531/what-is-batch-size-in-neural-network",
       note = "[Internet; descargado 30-abril-2024]"
}


@misc{ ibm24,
       author = "IBM",
       title = "¿Qué es el sobreajuste?",
       year = "2024",
       url = "https://www.ibm.com/es-es/topics/overfitting",
       note = "[Internet; descargado 24-abril-2024]"
}


@misc{ keras24,
       author = "Keras",
       title = "Parada temprana",
       year = "2024",
       url = "https://keras.io/api/callbacks/early_stopping/",
       note = "[Internet; descargado 24-abril-2024]"
}



@misc{ UniMa24,
       author = "Universidad Computense Madrid",
       title = "¿Qué es el Machine Learning?",
       year = "2024",
       url = "https://www.masterdatascienceucm.com/que-es-machine-learning/",
       note = "[Internet; descargado 3-mayo-2024]"
}


@article{janiesch2021machine,
  title={Machine learning and deep learning},
  author={Janiesch, Christian and Zschech, Patrick and Heinrich, Kai},
  journal={Electronic Markets},
  volume={31},
  number={3},
  pages={685--695},
  year={2021},
  publisher={Springer}
}


@inproceedings{sindhu2020survey,
  title={A survey on supervised and unsupervised learning techniques},
  author={Sindhu Meena, K and Suriya, S},
  booktitle={Proceedings of international conference on artificial intelligence, smart grid and smart city applications: AISGSC 2019},
  pages={627--644},
  year={2020},
  organization={Springer}
}


@incollection{montesinos2022fundamentals,
  title={Fundamentals of artificial neural networks and deep learning},
  author={Montesinos L{\'o}pez, Osval Antonio and Montesinos L{\'o}pez, Abelardo and Crossa, Jose},
  booktitle={Multivariate statistical machine learning methods for genomic prediction},
  pages={379--425},
  year={2022},
  publisher={Springer}
}



@incollection{walczak2019artificial,
  title={Artificial neural networks},
  author={Walczak, Steven},
  booktitle={Advanced methodologies and technologies in artificial intelligence, computer simulation, and human-computer interaction},
  pages={40--53},
  year={2019},
  publisher={IGI global}
}


@misc{ linkdif24,
       author = "Linkedin",
       title = "¿Cuáles son las diferencias entre los conjuntos de entrenamiento, validación y pruebas en el aprendizaje automático?",
       year = "2024",
       url = "https://es.linkedin.com/advice/1/what-differences-between-training-validation-testing-umoje?lang=es",
       note = "[Internet; descargado 06-mayo-2024]"
}

@article{antoni2021,
  title={Pneumonia},
  author={Torres, A. and Cilloniz, C. and Niederman, M. S. and Menéndez, R. and Chalmers, J. D. and Wunderink, R. G. and van der Poll, T.},
  journal={Nature Reviews Disease Primers },
  volume={7},
  number={1},
  pages={25},
  year={2021},
  publisher={Nature Reviews Disease Primers}
}

@article{jain2015community,
  title={Community-acquired pneumonia requiring hospitalization among US adults},
  author={Jain, Seema and Self, Wesley H and Wunderink, Richard G and Fakhran, Sherene and Balk, Robert and Bramley, Anna M and Reed, Carrie and Grijalva, Carlos G and Anderson, Evan J and Courtney, D Mark and others},
  journal={New England Journal of Medicine},
  volume={373},
  number={5},
  pages={415--427},
  year={2015},
  publisher={Mass Medical Soc}
}

@article{torres2013risk,
  title={Risk factors for community-acquired pneumonia in adults in Europe: a literature review},
  author={Torres, Antoni and Peetermans, Willy E and Viegi, Giovanni and Blasi, Francesco},
  journal={Thorax},
  volume={68},
  number={11},
  pages={1057--1065},
  year={2013},
  publisher={BMJ Publishing Group Ltd}
}

@article{shi2020global,
  title={Global and regional burden of hospital admissions for pneumonia in older adults: a systematic review and meta-analysis},
  author={Shi, Ting and Denouel, Angeline and Tietjen, Anna K and Lee, Jen Wei and Falsey, Ann R and Demont, Clarisse and Nyawanda, Bryan O and Cai, Bing and Fuentes, Robert and Stoszek, Sonia K and others},
  journal={The Journal of infectious diseases},
  volume={222},
  number={Supplement\_7},
  pages={S570--S576},
  year={2020},
  publisher={Oxford University Press US}
}


@article{ResearchGate24,
  title={C{\'o}mo interpretar un art{\'\i}culo sobre pruebas diagn{\'o}sticas},
  author={Manterola, Carlos and others},
  journal={Revista chilena de cirug{\'\i}a},
  volume={62},
  number={3},
  pages={301--308},
  year={2010},
  publisher={SciELO Chile}
}

@article{shah2013bidirectional,
  title={Bidirectional relationship between cognitive function and pneumonia},
  author={Shah, Faraaz Ali and Pike, Francis and Alvarez, Karina and Angus, Derek and Newman, Anne B and Lopez, Oscar and Tate, Judith and Kapur, Vishesh and Wilsdon, Anthony and Krishnan, Jerry A and others},
  journal={American journal of respiratory and critical care medicine},
  volume={188},
  number={5},
  pages={586--592},
  year={2013},
  publisher={American Thoracic Society}
}

@article{lim2022pneumonia,
  title={Pneumonia—overview},
  author={Lim, Wei Shen},
  journal={Encyclopedia of Respiratory Medicine},
  pages={185},
  year={2022},
  publisher={Elsevier}
}


@article{file2023community,
  title={Community-acquired pneumonia},
  author={File Jr, Thomas M and Ramirez, Julio A},
  journal={New England Journal of Medicine},
  volume={389},
  number={7},
  pages={632--641},
  year={2023},
  publisher={Mass Medical Soc}
}



@article{li2020accuracy,
  title={Accuracy of deep learning for automated detection of pneumonia using chest X-Ray images: A systematic review and meta-analysis},
  author={Li, Yuanyuan and Zhang, Zhenyan and Dai, Cong and Dong, Qiang and Badrigilan, Samireh},
  journal={Computers in Biology and Medicine},
  volume={123},
  pages={103898},
  year={2020},
  publisher={Elsevier}
}


@article{jaiswal2019identifying,
  title={Identifying pneumonia in chest X-rays: A deep learning approach},
  author={Jaiswal, Amit Kumar and Tiwari, Prayag and Kumar, Sachin and Gupta, Deepak and Khanna, Ashish and Rodrigues, Joel JPC},
  journal={Measurement},
  volume={145},
  pages={511--518},
  year={2019},
  publisher={Elsevier}
}


@article{sharma2024systematic,
  title={A systematic literature review on deep learning approaches for pneumonia detection using chest X-ray images},
  author={Sharma, Shagun and Guleria, Kalpna},
  journal={Multimedia Tools and Applications},
  volume={83},
  number={8},
  pages={24101--24151},
  year={2024},
  publisher={Springer}
}


@misc{ CliUniNa24,
       author = "Clinica Universidad de Navarra",
       title = "Radiografía",
       year = "2024",
       url = "https://www.cun.es/diccionario-medico/terminos/radiografia",
       note = "[Internet; descargado 12-mayo-2024]"
}

@misc{ Macli24,
       author = "Mayo clinic",
       title = "Radiografía",
       year = "2024",
       url = "https://www.mayoclinic.org/es/tests-procedures/x-ray/about/pac-20395303",
       note = "[Internet; descargado 13-mayo-2024]"
}

@misc{ NIH24,
       author = "Instituto Nacional del Cáncer (NIH)",
       title = "radiografía del tórax",
       year = "2024",
       url = "https://www.cancer.gov/espanol/publicaciones/diccionarios/diccionario-cancer/def/radiografia-del-torax",
       note = "[Internet; descargado 13-mayo-2024]"
}

@misc{ NIHTAC24,
       author = "Instituto Nacional del Cáncer (NIH)",
       title = "tomografía axial computarizada",
       year = "2024",
       url = "https://www.cancer.gov/espanol/publicaciones/diccionarios/diccionario-cancer/def/tomografia-axial-computarizada",
       note = "[Internet; descargado 13-mayo-2024]"
}


@misc{ MedPlusTAC24,
       author = "MedlinePlus",
       title = "Tomografía computarizada",
       year = "2024",
       url = "https://medlineplus.gov/spanish/ency/article/003330.htm",
       note = "[Internet; descargado 13-mayo-2024]"
}

@misc{ HosPa24,
       author = "Hospitales Pascual",
       title = "El TAC: Una mirada en profundidad a la tecnología médica",
       year = "2024",
       url = "https://hospitalespascual.com/que-es-un-tac/",
       note = "[Internet; descargado 13-mayo-2024]"
}

@misc{ Pyth24,
       author = "Python",
       title = "El tutorial de Python",
       year = "2024",
       url = "https://docs.python.org/es/3/tutorial/",
       note = "[Internet; descargado 14-mayo-2024]"
}

@misc{ aws24,
       author = "aws",
       title = "¿Qué es Python?",
       year = "2024",
       url = "https://aws.amazon.com/es/what-is/python/",
       note = "[Internet; descargado 14-mayo-2024]"
}

@misc{ wikikeras24,
       author = "Wikipedia",
       title = "Keras",
       year = "2024",
       url = "https://es.wikipedia.org/wiki/Keras",
       note = "[Internet; descargado 14-mayo-2024]"
}


@misc{ TenFloKeras24,
       author = "TensorFlow",
       title = "Keras: la API de alto nivel para TensorFlow",
       year = "2024",
       url = "https://www.tensorflow.org/guide/keras?hl=es",
       note = "[Internet; descargado 15-mayo-2024]"
}


@misc{ TenFlobasic24,
       author = "TensorFlow",
       title = "Conceptos básicos de TensorFlow",
       year = "2024",
       url = "https://www.tensorflow.org/guide/basics?hl=es",
       note = "[Internet; descargado 15-mayo-2024]"
}


@misc{ TenFloint24,
       author = "TensorFlow",
       title = "Introducción a TensorFlow",
       year = "2024",
       url = "https://www.tensorflow.org/learn?hl=es-419",
       note = "[Internet; descargado 15-mayo-2024]"
}


@misc{ Over24,
       author = "Overleaf",
       title = "Overleaf, Editor de LaTeX online",
       year = "2024",
       url = "https://es.overleaf.com/",
       note = "[Internet; descargado 15-mayo-2024]"
}


@misc{ CompHo24,
       author = "ComputerHoy",
       title = "¿Qué es LaTeX y cómo funciona esta útil herramienta para crear documentos?",
       year = "2024",
       url = "https://computerhoy.com/tecnologia/latex-como-funciona-util-herramienta-crear-documentos-1165366",
       note = "[Internet; descargado 15-mayo-2024]"
}

@misc{ HosTu24,
       author = "Hostinger Tutoriales",
       title = "Qué es GitHub y cómo empezar a usarlo",
       year = "2024",
       url = "https://www.hostinger.es/tutoriales/que-es-github",
       note = "[Internet; descargado 15-mayo-2024]"
}

@misc{ wikisclearn24,
       author = "Wikipedia",
       title = "Scikit-learn",
       year = "2024",
       url = "https://es.wikipedia.org/wiki/Scikit-learn",
       note = "[Internet; descargado 15-mayo-2024]"
}

@misc{ sclearn24,
       author = "scikit learn",
       title = "aprendizaje-scikit",
       year = "2024",
       url = "https://scikit-learn.org/stable/",
       note = "[Internet; descargado 15-mayo-2024]"
}

@misc{ pandas24,
       author = "pandas",
       title = "pandas",
       year = "2024",
       url = "https://pandas.pydata.org/",
       note = "[Internet; descargado 15-mayo-2024]"
}


@misc{ gamco24,
       author = "gamco",
       title = "¿Qué es Pandas?",
       year = "2024",
       url = "https://gamco.es/glosario/pandas/",
       note = "[Internet; descargado 15-mayo-2024]"
}

@misc{ kaggle24,
       author = "kaggle",
       title = "Imágenes de radiografía de tórax (neumonía)",
       year = "2024",
       url = "https://www.kaggle.com/datasets/paultimothymooney/chest-xray-pneumonia",
       note = "[Internet; descargado 25-mayo-2024]"
}


@misc{ wikianaconda24,
       author = "Wikipedia",
       title = "Anaconda (distribución de Python)",
       year = "2024",
       url = "https://es.wikipedia.org/wiki/Anaconda_(distribuci%C3%B3n_de_Python)",
       note = "[Internet; descargado 28-mayo-2024]"
}


@misc{ anaconda24,
       author = "Anaconda",
       title = "The Operating System for AI",
       year = "2024",
       url = "https://www.anaconda.com/",
       note = "[Internet; descargado 28-mayo-2024]"
}


@misc{ wikikaggle24,
       author = "Wikipedia",
       title = "Kaggle",
       year = "2024",
       url = "https://es.wikipedia.org/wiki/Kaggle",
       note = "[Internet; descargado 30-mayo-2024]"
}


@misc{ MaselData24,
       author = "Masel Data",
       title = "¿Qué son las competencias de Kaggle?",
       year = "2024",
       url = "https://www.maseldata.com/post/que-es-kaggle",
       note = "[Internet; descargado 30-mayo-2024]"
}

@article{kundu2021pneumonia,
  title={Pneumonia detection in chest X-ray images using an ensemble of deep learning models},
  author={Kundu, Rohit and Das, Ritacheta and Geem, Zong Woo and Han, Gi-Tae and Sarkar, Ram},
  journal={PloS one},
  volume={16},
  number={9},
  pages={e0256630},
  year={2021},
  publisher={Public Library of Science San Francisco, CA USA}
}



@book{gelaw15,
		author    = "Meseret Gelaw, Sifrash",
		title     = "Screening Chest X-Ray Interpretations and Radiographic Techniques",
		publisher = " International Organization for Migration (IOM)",
		year      = "2015"
}


@misc{ RadioInfo24,
       author = "RadiologyInfo.org",
       title = "Enfermedad pulmonar intersticial difusa",
       year = "2024",
       url = "https://www.radiologyinfo.org/es/info/diffuselung",
       note = "[Internet; descargado 4-junio-2024]"
}

@misc{ SlidePlayer24,
       author = "SlidePlayer",
       title = "Abordaje dx de enfermedad pulmonar intersticial",
       year = "2024",
       url = "https://slideplayer.es/slide/13693490/",
       note = "[Internet; descargado 4-junio-2024]"
}

@misc{ MedlinePlusCalcificación24,
       author = "MedlinePlus",
       title = "Calcificación",
       year = "2024",
       url = "https://medlineplus.gov/spanish/ency/article/002321.htm",
       note = "[Internet; descargado 4-junio-2024]"
}


@article{saboo23,
  title={Redes neuronales convolucionales (CNN) para la clasificación de neumonía en radiografías de tórax pediátricas},
  author={Saboo, Y S. and Kapse, S and Prasanna, P},
  journal={Cureus},
  volume={15},
  year={2023},
  publisher={Cureus}
}


@article{eilat2022community,
  title={Community-acquired pneumonia--use of chest x-rays for diagnosis in family practice},
  author={Eilat-Tsanani, Sophia and Kasher, Carmel and Levine-Kremer, Hana},
  journal={BMC Primary Care},
  volume={23},
  number={1},
  pages={271},
  year={2022},
  publisher={Springer}
}


@article{wootton2014diagnosis,
  title={The diagnosis of pneumonia requires a chest radiograph (x-ray)—yes, no or sometimes?},
  author={Wootton, Dan and Feldman, Charles},
  journal={Pneumonia},
  volume={5},
  number={1},
  pages={1--7},
  year={2014},
  publisher={Springer}
}


@misc{codificandobits24,
       author = "codificandobits",
       title = "3.13 - AlexNet y VGGNet",
       year = "2024",
       url = "https://www.codificandobits.com/curso/fundamentos-deep-learning-python/redes-convolucionales-13-alexnet-vggnet/",
       note = "[Internet; descargado 7-junio-2024]"
}


@misc{datasmarts24,
       author = "datasmarts",
       title = "Qué es ImageNet y Por Qué Necesitas Conocerlo",
       year = "2024",
       url = "https://www.datasmarts.net/que-es-imagenet-y-por-que-necesitas-conocerlo/",
       note = "[Internet; descargado 8-junio-2024]"
}


@misc{LMO24,
       author = "LMO",
       title = "AlexNet y clasificación de imágenes",
       year = "2024",
       url = "https://lamaquinaoraculo.com/deep-learning/alexnet/",
       note = "[Internet; descargado 8-junio-2024]"
}

@misc{Medium24,
       author = "Medium",
       title = "Arquitectura AlexNet explicada",
       year = "2024",
       url = "https://medium.com/@siddheshb008/alexnet-architecture-explained-b6240c528bd5",
       note = "[Internet; descargado 8-junio-2024]"
}

@misc{RadiopaediaNeumoBact24,
       author = "Radiopaedia.org",
       title = "Bacterial pneumonia",
       year = "2024",
       url = "https://radiopaedia.org/articles/bacterial-pneumonia?lang=us",
       note = "[Internet; descargado 10-junio-2024]"
}

@misc{RadiopaediaBronconeumonía24,
       author = "Radiopaedia.org",
       title = "Bronchopneumonia",
       year = "2024",
       url = "https://radiopaedia.org/articles/bronchopneumonia?lang=us",
       note = "[Internet; descargado 10-junio-2024]"
}


@misc{RadiopaediaPulmLobar24,
       author = "Radiopaedia.org",
       title = "Lobar pneumonia",
       year = "2024",
       url = "https://radiopaedia.org/articles/lobar-pneumonia?lang=us",
       note = "[Internet; descargado 10-junio-2024]"
}


@misc{RadiopaediaPulmNodule24,
       author = "Radiopaedia.org",
       title = "Pulmonary nodule",
       year = "2024",
       url = "https://radiopaedia.org/articles/pulmonary-nodule-1?lang=us",
       note = "[Internet; descargado 10-junio-2024]"
}

@misc{ManualMSD24,
       author = "Manual MSD",
       title = "Sepsis y shock séptico",
       year = "2024",
       url = "https://www.msdmanuals.com/es-es/professional/cuidados-cr%C3%ADticos/sepsis-y-shock-s%C3%A9ptico/sepsis-y-shock-s%C3%A9ptico",
       note = "[Internet; descargado 11-junio-2024]"
}





